<record><leader>00000cas a22000007a 4500</leader><controlfield tag="001">17538510</controlfield><controlfield tag="008">880225d19291934ohuwr ne      0    0eng d</controlfield><datafield ind1=" " ind2=" " tag="010"><subfield code="a">sn 88077224 </subfield></datafield><datafield ind1=" " ind2=" " tag="040"><subfield code="a">ONP</subfield><subfield code="b">eng</subfield><subfield code="c">ONP</subfield><subfield code="d">HLS</subfield><subfield code="d">OCLCQ</subfield><subfield code="d">OCLCF</subfield><subfield code="d">OCLCO</subfield></datafield><datafield ind1=" " ind2=" " tag="042"><subfield code="a">msc</subfield></datafield><datafield ind1=" " ind2=" " tag="043"><subfield code="a">n-us-oh</subfield></datafield><datafield ind1="0" ind2=" " tag="130"><subfield code="a">Dayton review (Dayton, Ohio)</subfield></datafield><datafield ind1="1" ind2="4" tag="245"><subfield code="a">The Dayton review.</subfield></datafield><datafield ind1=" " ind2=" " tag="260"><subfield code="a">Dayton, Ohio :</subfield><subfield code="b">[s.n.],</subfield><subfield code="c">1929-1934.</subfield></datafield><datafield ind1=" " ind2=" " tag="310"><subfield code="a">Weekly</subfield></datafield><datafield ind1="0" ind2=" " tag="362"><subfield code="a">13th year, no. 5 (Jan. 11, 1929)-19th year, no. 2 (Dec. 21, 1934) = Whole no. 630-whole no. 937.</subfield></datafield><datafield ind1=" " ind2="0" tag="651"><subfield code="a">Dayton (Ohio)</subfield><subfield code="v">Newspapers.</subfield></datafield><datafield ind1=" " ind2="0" tag="651"><subfield code="a">Montgomery County (Ohio)</subfield><subfield code="v">Newspapers.</subfield></datafield><datafield ind1=" " ind2="7" tag="655"><subfield code="a">Newspapers.</subfield><subfield code="2">fast</subfield><subfield code="0">(OCoLC)fst01423814</subfield></datafield><datafield ind1=" " ind2="7" tag="651"><subfield code="a">Ohio</subfield><subfield code="z">Dayton.</subfield><subfield code="2">fast</subfield><subfield code="0">(OCoLC)fst01204702</subfield></datafield><datafield ind1=" " ind2="7" tag="651"><subfield code="a">Ohio</subfield><subfield code="z">Montgomery County.</subfield><subfield code="2">fast</subfield><subfield code="0">(OCoLC)fst01211918</subfield></datafield><datafield ind1=" " ind2=" " tag="752"><subfield code="a">United States</subfield><subfield code="b">Ohio</subfield><subfield code="c">Montgomery</subfield><subfield code="d">Dayton.</subfield></datafield><datafield ind1="0" ind2="0" tag="780"><subfield code="t">Labor review (Dayton, Ohio)</subfield><subfield code="w">(DLC)sn 88077223</subfield></datafield></record>